<?xml version="1.0" encoding="UTF-8"?><collection xmlns="http://www.loc.gov/MARC21/slim"><record><leader>00419nam--2200157-i-4500</leader><controlfield tag="001">000043003</controlfield><controlfield tag="002">20161230</controlfield><controlfield tag="005">20161230201043</controlfield><controlfield tag="008">060222s1000------------r-----000-0-eng-d</controlfield><datafield ind1=" " ind2=" " tag="080"><subfield code="a">514.75(076)</subfield></datafield><datafield ind1=" " ind2=" " tag="100"><subfield code="a">Stoka,Marius I., Vranceanu,Gh.G</subfield></datafield><datafield ind1=" " ind2=" " tag="245"><subfield code="a">Probleme de geometrie diferentiala</subfield></datafield><datafield ind1=" " ind2=" " tag="260"><subfield code="a">Bucuresti, Ed.Did.Si Pedagogica, 1963</subfield></datafield><datafield ind1=" " ind2=" " tag="300"><subfield code="a">330 p</subfield></datafield><datafield ind1=" " ind2=" " tag="852"><subfield code="a">9121</subfield><subfield code="c">513.73</subfield></datafield><datafield ind1=" " ind2=" " tag="CAT"><subfield code="a">Sys</subfield><subfield code="c">20080604</subfield><subfield code="h">124248</subfield></datafield></record></collection>